
@ARTICLE{Fesi2014-pi,
  title    = "Cortical responses to optic flow and motion contrast across
              patterns and speeds",
  author   = "Fesi, Jeremy D and Thomas, Amanda L and Gilmore, Rick O",
  journal  = "Vision Res.",
  volume   =  100,
  pages    = "56--71",
  month    =  jul,
  year     =  2014,
  url      = "http://www.sciencedirect.com/science/article/pii/S0042698914000765",
  keywords = "electrophysiology; Motion; Motion contrast; Optic flow; optic
              flow; SSVEP",
  issn     = "0042-6989",
  doi      = "10.1016/j.visres.2014.04.004"
}


@ARTICLE{Gilmore2016-sd,
  title    = "Children's Brain Responses to Optic Flow Vary by Pattern Type and
              Motion Speed",
  author   = "Gilmore, Rick O and Thomas, Amanda L and Fesi, Jeremy",
  journal  = "PLoS One",
  volume   =  11,
  number   =  6,
  pages    = "e0157911",
  month    =  "21~" # jun,
  year     =  2016,
  url      = "http://journals.plos.org/plosone/article?id=10.1371/journal.pone.0157911",
  keywords = "Adults; behavior; Cognitive science; Electroencephalography; Eye
              movements; eye movements; Infants; Scanning electron microscopy;
              Vision",
  issn     = "1932-6203",
  doi      = "10.1371/journal.pone.0157911"
}


@PHDTHESIS{Adamiak2015-lo,
  title    = "Adult observers' sensitivity to optic flow varies by pattern and
              speed",
  author   = "Adamiak, William Noel",
  editor   = "Gilmore, R O",
  month    =  "21~" # may,
  year     =  2015,
  url      = "https://honors.libraries.psu.edu/catalog/25288"
}

@ARTICLE{Adamiak2015-tw,
  title    = "Adult Observer's Sensitivity to Optic Flow Varies by Pattern and
              Speed",
  author   = "Adamiak, William and Thomas, Amanda and Patel, Shivani and
              Gilmore, Rick",
  journal  = "J. Vis.",
  volume   =  15,
  number   =  12,
  pages    = "1008",
  month    =  "1~" # sep,
  year     =  2015,
  url      = "http://jov.arvojournals.org/article.aspx?doi=10.1167/15.12.1008",
  language = "en",
  issn     = "1534-7362",
  doi      = "10.1167/15.12.1008"
}
